近年，組込みシステムの大規模化，複雑化，自動化が進み，コンピュータ・プロセッサの性能に対する要求が高まっている
@article{xue2018device,
  title   = {Device-to-Device Communications Underlying {UAV}-Supported Social Networking},
  author  = {Xue, Zhen and Wang, Jinlong and Ding, Guoru and Wu, Qihui and Lin, Yun and Tsiftsis, Theodoros A},
  journal = {IEEE Access},
  year    = {2018}
}
@article{tu2018semi,
  title   = {Semi-supervised Learning with Generative Adversarial Networks on Digital Signal Modulation Classification},
  author  = {Tu, Ya and Lin, Yun and Wang, Jin},
  journal = {CMC},
  year    = {2018}
}

従来のシングルコア・プロセッサーでは、消費電力や放熱の問題から、継続的な性能向上が困難でした。
しかし、マルチ／メニーコア・プロセッサーの登場により、この問題は解決され、組み込みシステムを支えるコンピューティング・プラットフォームは、マルチ／メニーコア・アーキテクチャーへの移行が進んでいます
@article{list3,
  author  = {Bansal Savina and Kumar Padam and Singh Kuldip},
  title   = {{Dealing with heterogeneity through limited duplication for scheduling precedence constrained task graphs}},
  journal = {JPDC},
  year    = {2005}
}
@inproceedings{generalized_parallel_task_model,
  author    = {Sanjoy {Baruah} and Vincenzo {Bonifaci} and Alberto {Marchetti-Spaccamela} and Leen {Stougie} and Andreas {Wiese}},
  booktitle = {Proc. of RTSS},
  title     = {A Generalized Parallel Task Model for Recurrent Real-time Processes},
  year      = {2012}
}

Kalray MPPA Coolidge
@misc{mppa3,
  title        = {{Kalray \hspace{-1.5mm} MPPA}},
  note         = {Data about Kalray MPPA},
  howpublished = {{\hspace{-2mm} \url{https://www.european-processor-initiative.eu/wp-content/uploads/2019/10/Kalray-NEWCAS-2019.pdf}}}
}
@inproceedings{maruyamasan,
  author    = {Y. Maruyama and S. Kato and T. Azumi},
  booktitle = {Proc. of ICCD},
  title     = {{Exploring Scalable Data Allocation and Parallel Computing on {NoC}-Based Embedded Many Cores}},
  year      = {2017}
}
@article{igarashi2021accurate,
  title   = {Accurate Contention-aware Scheduling Method on Clustered Many-core Platform},
  author  = {Igarashi, Shingo and Fukunaga, Takuro and Azumi, Takuya},
  journal = {J. IPSJ},
  year    = {2021}
}

Tilera TILE-Gx
@article{tilera,
  author  = {Arslan Munir and Sanjay Ranka and Ann Gordon-Ross},
  journal = {TPDS},
  title   = {{High-Performance Energy-Efficient Multicore Embedded Computing}},
  year    = {2012}
}
@inproceedings{ramey2011tile,
  title     = {Tile-gx100 manycore processor: Acceleration interfaces and architecture},
  author    = {Ramey, Carl},
  booktitle = {HCS},
  year      = {2011}
}

並列リアルタイムアプリケーションの典型的な例は、自動運転システムです。Autoware
@inproceedings{future,
  author    = {Shinpei Kato and Shota Tokunaga and Yuya Maruyama and Seiya Maeda and Manato Hirabayashi and Yuki Kitsukawa and Abraham Monrroy and Tomohito Ando and Yusuke Fujii and Takuya Azumi},
  booktitle = {Proc. of ICCPS},
  title     = {Autoware on Board: Enabling Autonomous Vehicles with Embedded Systems},
  year      = {2018}
}

マルチ／メニーコアプロセッサの性能を最大限に引き出すためには、プロセッサ間のタスクスケジューリングが重要であり、アルゴリズムの研究も重要です
@article{liu2017research,
  title   = {Research on Modulation Recognition with Ensemble Learning},
  author  = {Liu, Tong and Guan, Yanan and Lin, Yun},
  journal = {EURASIP JWCN},
  year    = {2017}
}

多数のタスクを複数のプロセッサにスケジューリングしてメークスパンを最小化することは，NP困難問題として認識されています
@article{TANG2020115,
  title   = {Scheduling directed acyclic graphs with optimal duplication strategy on homogeneous multiprocessor systems},
  journal = {JPDC},
  year    = {2020},
  author  = {Qi Tang and Li-Hua Zhu and Li Zhou and Jun Xiong and Ji-Bo Wei}
}
@inproceedings{9355500,
  author    = {Baruah, Sanjoy},
  booktitle = {Proc. of RTSS},
  title     = {Work in Progress: The {ILP}-Tractability of Schedulability Analysis Problems},
  year      = {2020}
}

RL
@book{sutton1998introduction,
  title     = {Introduction to reinforcement learning},
  author    = {Richard S. Sutton and Andrew G. Barto and others},
  year      = {1998},
  publisher = {MIT press Cambridge}
}
@article{doi:10.1177/0278364913495721,
  author  = {Jens Kober and J. Andrew Bagnell and Jan Peters},
  title   = {Reinforcement learning in robotics: A survey},
  journal = {IJRR},
  year    = {2013}
}

RLに基づくタスクスケジューリング問題の解決が注目されている
@article{tong2014proactive,
  title   = {Proactive scheduling in distributed computing—A reinforcement learning approach},
  author  = {Tong, Zhao and Xiao, Zheng and Li, Kenli and Li, Keqin},
  journal = {JPDC},
  year    = {2014}
}
@article{siar2010static,
  title   = {Static task scheduling in cooperative distributed systems based on soft computing techniques},
  author  = {Siar, Hajar and Nabavi, Seyedeh Habibe and Shamshirband, Shahaboddin},
  journal = {AJBAS},
  year    = {2010}
}

ほとんどのヒューリスティック・スケジューリング・アルゴリズムは、リスト・スケジューリングに基づいている
@article{list1,
  title   = {{Improving scheduling of tasks in a heterogeneous environment}},
  author  = {Rashmi Bajaj and D. P. Agrawal},
  journal = {TPDS},
  year    = {2004}
}
@inproceedings{list2,
  author    = {Sanjeev Baskiyar and P. C. SaiRanga},
  title     = {{Scheduling directed acyclic task graphs on heterogeneous network of workstations to minimize schedule length}},
  booktitle = {Proc. of ICPP},
  year      = {2003}
} 
@article{list3,
  author  = {Bansal Savina and Kumar Padam and Singh Kuldip},
  title   = {{Dealing with heterogeneity through limited duplication for scheduling precedence constrained task graphs}},
  journal = {JPDC},
  year    = {2005}
} 
@article{list4,
  author  = {Gerasoulis Apostolos and Yang Tao},
  title   = {{A comparison of clustering heuristics for scheduling directed acyclic graphs on multiprocessors}},
  journal = {JPDC},
  year    = {1992}
} 
@article{list5,
  author  = {Tarek Hagras and Jan Janecek},
  title   = {{A high performance, low complexity algorithm for compile-time task scheduling in heterogeneous systems}},
  journal = {JPC},
  year    = {2005}
} 
@article{list6,
  author  = {Kim SangCheol and Lee Sunggu and Hahm Jaegyoon},
  title   = {{P}ush-{P}ull: {D}eterministic {S}earch-{B}ased {DAG} {S}cheduling for {H}eterogeneous {C}luster {S}ystems},
  journal = {TPDS},
  year    = {2007}
} 
@article{list7,
  author  = {Tang Xiaoyong and Li Kenli and Li Renfa and Veeravalli Bharadwaj},
  title   = {{R}eliability-aware scheduling strategy for heterogeneous distributed computing systems},
  journal = {JPDC},
  year    = {2010}
} 
@article{hvlb_rho,
  author  = {Jaeyong Rho and Takuya Azumi and Mayo Nakagawa and Kenya Sato and Nobuhiko Nishio},
  title   = {{Scheduling Parallel and Distributed Processing for Automotive Data Stream Management System}},
  journal = {JPDC},
  year    = {2017}
} 
@inproceedings{nakagawa,
  author    = {Mayo Nakagawa and Takuya Azumi and Yuto Kitagawa and Nobuhiko Nishio},
  title     = {{HVMD\_CC: Heterogeneous Value with Multiple Deadlines and Communication Contention}},
  booktitle = {Proc. of CRTS},
  year      = {2017}
}
@article{tian2020hybrid,
  title   = {A hybrid task scheduling algorithm based on task clustering},
  author  = {Tian, Qiao and Li, Jingmei and Xue, Di and Wu, Weifei and Wang, Jiaxiang and Chen, Lei and Wang, Juzhen},
  journal = {J. Mob. Netw. Appl.},
  year    = {2020}
}
@article{kaur2020deep,
  title     = {Deep-{Q}-Learning-Based Heterogeneous Earliest Finish Time Scheduling Algorithm for Scientific Workflows in Cloud},
  author    = {Kaur, Avinash and Singh, Parminder and Singh Batth, Ranbir and Peng Lim, Chee},
  journal   = {J. Software. Pract. Exper.},
  year      = {2020},
  publisher = {Wiley Online Library}
}

リストスケジューリングは高品質なスケジューリングを実現し、その複雑さが低いことから一般的に受け入れられています
古典的なリストスケジューリングアルゴリズムには、HEFTとCritical Path on a processor(CPOP)がある
HEFTは、タスクスケジューリング問題の探索空間を最小化し、高い探索効率を得て、良好な性能を得ることができる
@article{topcuoglu2002performance,
  title   = {Performance-effective and low-complexity task scheduling for heterogeneous computing},
  author  = {Topcuoglu, Haluk and Hariri, Salim and Wu, Min-you},
  journal = {TPDS},
  year    = {2002}
}

HEFTは、小規模なタスクグラフに適したスケジューリングアルゴリズムである
@article{xu2014genetic,
  title     = {A Genetic Algorithm for Task Scheduling on Heterogeneous Computing Systems Using Multiple Priority Queues},
  author    = {Xu, Yuming and Li, Kenli and Hu, Jingtong and Li, Keqin},
  journal   = {J. Inf. Sci.},
  year      = {2014},
  publisher = {Elsevier}
}

Autoware
@misc{autoware,
  title        = {Autoware.{AI}},
  note         = {{Autoware's Official Website}},
  howpublished = {{\url{https://www.autoware.ai/}}}
}

自動運転システムでは、クラスター型メニーコア・プロセッサーの重要性が高まっています
@inproceedings{azumi2020ros,
  title     = {{ROS}-lite: {ROS} Framework for {NoC}-Based Embedded Many-Core Platform},
  author    = {Azumi, Takuya and Maruyama, Yuya and Kato, Shinpei},
  booktitle = {Proc. of IROS},
  year      = {2020}
}
@inproceedings{maruyamasan,
  author    = {Y. Maruyama and S. Kato and T. Azumi},
  booktitle = {Proc. of ICCD},
  title     = {{Exploring Scalable Data Allocation and Parallel Computing on {NoC}-Based Embedded Many Cores}},
  year      = {2017}
}
@inproceedings{yoshinaka2020model,
  title     = {Model-Based Development Considering Self-Driving Systems for Many-Core Processors},
  author    = {Yoshinaka, Ryo and Azumi, Takuya},
  booktitle = {Proc. of ETFA},
  year      = {2020}
}

多くの研究では，タスクを実行フェーズと複数の通信フェーズに分割することで，共有メモリへのアクセスタイミングの予測可能性を向上させている
@inproceedings{becker_cp,
  title     = {Scheduling multi-rate real-time applications on clustered many-core architectures with memory constraints},
  author    = {Becker, Matthias and Mubeen, Saad and Dasari, Dakshina and Behnam, Moris and Nolte, Thomas},
  booktitle = {Proc. of ASP-DAC},
  year      = {2018}
}
@inproceedings{c-free,
  title     = {Contention-free execution of automotive applications on a clustered many-core platform},
  author    = {Becker, Matthias and Dasari, Dakshina and Nicolic, Borislav and Akesson, Benny and N{\'e}lis, Vincent and Nolte, Thomas},
  booktitle = {Proc. of ECRTS},
  year      = {2016}
}
@inproceedings{rouxel-free,
  title     = {Hiding Communication Delays in Contention-Free Execution for {SPM}-Based Multi-Core Architectures},
  author    = {Rouxel, Benjamin and Skalistis, Stefanos and Derrien, Steven and Puaut, Isabelle},
  booktitle = {Proc. of ECRTS},
  year      = {2019}
}

CC間のコンテンションをうまく回避しています
@inproceedings{DS-RT,
  title     = {Multi-rate {DAG} Scheduling Considering Communication Contention for {NoC}-based Embedded Many-core Processor},
  author    = {Igarashi, Shingo and Kitagawa, Yuto and Ishigooka, Tasuku and Horiguchi, Tatsuya and Azumi, Takuya},
  year      = {2019},
  booktitle = {Proc. of DS-RT}
}

LET（Logical Execution Time）パラダイム
@inproceedings{LET_2012,
  title     = {The Logical Execution Time Paradigm},
  author    = {Christoph M. Kirsch and Ana Sokolova},
  booktitle = {Advances in Real-Time Systems},
  year      = {2012}
}
@article{LET,
  author  = {T. A. {Henzinger} and B. {Horowitz} and C. M. {Kirsch}},
  journal = {Proc. of EMSOFT},
  title   = {Giotto: a time-triggered language for embedded programming},
  year    = {2003}
}

LETパラダイムのオーバーヘッドにより，アプリケーションの実行に要する時間が長くなってしまう
@inproceedings{LET_AUTOSAR_RTAS_2018,
  author    = {A. Biondi and M. Di Natale},
  booktitle = {Proc. of RTAS},
  title     = {Achieving Predictable Multicore Execution of Automotive Applications Using the {LET} Paradigm},
  year      = {2018}
}
@article{10.1145/3381847,
  author  = {Gemlau, Kai-Bj\"{o}rn and K\"{O}HLER, Leonie and Ernst, Rolf and Quinton, Sophie},
  title   = {System-Level Logical Execution Time: Augmenting the Logical Execution Time Paradigm for Distributed Real-Time Automotive Software},
  year    = {2021},
  journal = {TCPS}
}

ダブルバッファリングを用いて、LETによる通信時間の増加を解決した
@inproceedings{LET_ogawa,
  author    = {M. Ogawa and S. Honda and H. Takada},
  booktitle = {Proc. of ISED},
  title     = {Efficient Approach to Ensure Temporal Determinism in Automotive Control Systems},
  year      = {2018}
}

LETパラダイムをマルチコア・プラットフォーム上のDAGスケジューリングに適用し、コンテンションを回避するアルゴリズムを提案しました
@inproceedings{9213582,
  author    = {Igarashi, Shingo and Ishigooka, Tasuku and Horiguchi, Tatsuya and Koike, Ryotaro and Azumi, Takuya},
  booktitle = {Proc. of DS-RT},
  title     = {Heuristic Contention-Free Scheduling Algorithm for Multi-core Processor using {LET} Model},
  year      = {2020}
}

TGFF
@inproceedings{tgff,
  author    = {R. P. Dick and D. L. Rhodes and W. Wolf},
  title     = {{TGFF}: task graphs for free},
  booktitle = {Proc. of Workshop on CODES/CASHE},
  year      = {1998}
} 

MRM
@article{coll2021prototyping,
  title   = {Prototyping and Evaluation of Infrastructure-Assisted Transition of Control for Cooperative Automated Vehicles},
  author  = {Coll-Perales, Baldomero and Schulte-Tigges, Joschua and Rondinone, Michele and Gozalvez, Javier and Reke, Michael and Matheis, Dominik and Walter, Thomas},
  journal = {Trans. on ITS},
  year    = {2021}
}
@inproceedings{schindler2020infrastructure,
  title     = {Infrastructure Supported Automated Driving in Transition Areas--a Prototypic Implementation},
  author    = {Schindler, Julian and Markowski, Robert and Wesemeyer, Daniel and Coll-Perales, Baldomero and B{\"o}ker, Clarissa and Khan, Saifullah},
  booktitle = {Proc. of CAVS},
  year      = {2020}
}

ROS
@inproceedings{hellmund2016robot,
  title     = {Robot operating system: A modular software framework for automated driving},
  author    = {Hellmund, Andr{\'e}-Marcel and Wirges, Sascha and Ta{\c{s}}, {\"O}mer {\c{S}}ahin and Bandera, Claudio and Salscheider, Niels Ole},
  booktitle = {Proc. of ITSC},
  year      = {2016}
}

ROS 2
@inproceedings{maruyama2016exploring,
  title     = {Exploring the performance of {ROS}2},
  author    = {Maruyama, Yuya and Kato, Shinpei and Azumi, Takuya},
  booktitle = {Proc. of EMSOFT},
  year      = {2016}
}

ROS 2はコールバック関数で通信をする
@inproceedings{choi2021picas,
  title     = {{PiCAS}: New Design of Priority-Driven Chain-Aware Scheduling for {ROS}2},
  author    = {Choi, Hyunjong and Xiang, Yecheng and Kim, Hyoseung},
  booktitle = {Proc. of RTAS},
  year      = {2021}
}

チェーンのスケジューリング（クロスチェーンあり）
@inproceedings{casini2019response,
  title     = {Response-time analysis of {ROS} 2 processing chains under reservation-based scheduling},
  author    = {Casini, Daniel and Bla{\ss}, Tobias and L{\"u}tkebohle, Ingo and Brandenburg, Bj{\"o}rn B},
  booktitle = {Proc. of ECRTS},
  year      = {2019}
}

自動運転が普及すると多くの利益をもたらす
@article{milakis2017policy,
  title   = {Policy and society related implications of automated driving: A review of literature and directions for future research},
  author  = {Milakis, Dimitris and Van Arem, Bart and Van Wee, Bert},
  journal = {Trans. on ITS},
  year    = {2017}
}

SAE 自動運転のレベルの定義
@article{sae2018taxonomy,
  title   = {Taxonomy and definitions for terms related to driving automation systems for on-road motor vehicles},
  author  = {SAE international},
  journal = {J. SAE},
  year    = {2018}
}ROS 2 自動運転
@inproceedings{yang2020exploring,
  title     = {Exploring Real-Time Executor on {ROS} 2},
  author    = {Yang, Yuqing and Azumi, Takuya},
  booktitle = {Proc. of ICESS},
  year      = {2020}
}

シングルレートへの変換
@inproceedings{verucchi2020latency,
  title     = {Latency-aware generation of single-rate {DAGs} from multi-rate task sets},
  author    = {Verucchi, Micaela and Theile, Mirco and Caccamo, Marco and Bertogna, Marko},
  booktitle = {Proc. of RTAS},
  year      = {2020}
}

HPほどの複製はいらない
@inproceedings{kordon2020evaluation,
  title     = {Evaluation of the Age Latency of a Real-Time Communicating System using the {LET} paradigm},
  author    = {Kordon, Alix and Tang, Ning},
  booktitle = {Proc. of ECRTS},
  year      = {2020}
}

パラメータ調整
@inproceedings{klaus2021constrained,
  title     = {Constrained Data-Age with Job-Level Dependencies: How to Reconcile Tight Bounds and Overheads},
  author    = {Klaus, Tobias and Becker, Matthias and Schr{\"o}der-Preikschat, Wolfgang and Ulbrich, Peter},
  booktitle = {Proc. of RTAS},
  year      = {2021}
}

@inproceedings{igarashi2020heuristic,
  title     = {Heuristic contention-free scheduling algorithm for multi-core processor using {LET} model},
  author    = {Igarashi, Shingo and Ishigooka, Tasuku and Horiguchi, Tatsuya and Koike, Ryotaro and Azumi, Takuya},
  booktitle = {Proc. of DS-RT},
  year      = {2020}
}

PCD
@inproceedings{dai2021timing,
  title     = {Timing-Anomaly Free Dynamic Scheduling of Periodic DAG Tasks with Non-Preemptive Nodes},
  author    = {Dai, Gaoyang and Mohaqeqi, Morteza and Yi, Wang},
  booktitle = {Proc. of RTCSA},
  year      = {2021}
}

%QL-HEFT
@article{tong2020ql,
  title   = {{QL-HEFT}: a novel machine learning scheduling scheme base on cloud computing environment},
  author  = {Tong, Zhao and Deng, Xiaomei and Chen, Hongjian and Mei, Jing and Liu, Hong},
  journal = {J. Neural. Comput. Appl.},
  year    = {2020}
}

%HMDS
@article{senapati2021hmds,
  title   = {{HMDS}: A Makespan Minimizing {DAG} Scheduler for Heterogeneous Distributed Systems},
  author  = {Senapati, Debabrata and Sarkar, Arnab and Karfa, Chandan},
  journal = {TECS},
  year    = {2021}
}

shuhei APRIS 2021
@inproceedings{shuhei2021,
  title     = {{ROS} 2 Framework for Embedded Multi-core Platform},
  author    = {Shuhei, Tsunoda and Azumi, Takuya},
  booktitle = {Proc. of APRIS},
  year      = {2021}
}

rei さん ICESS 2021
@inproceedings{rei2021,
  title     = {{Autoware}\_{Perf}: A Tracing and Performance Analysis Framework for {ROS} 2 Applications},
  author    = {Li, Zihang and Hasegawa, Atsushi and Azumi, Takuya},
  booktitle = {Proc. of ICESS},
  year      = {2021}
}

zakki が輪講で発表してたやつ
@inproceedings{tang2020response,
  title     = {Response Time Analysis and Priority Assignment of Processing Chains on {ROS2} Executors},
  author    = {Tang, Yue and Feng, Zhiwei and Guan, Nan and Jiang, Xu and Lv, Mingsong and Deng, Qingxu and Yi, Wang},
  booktitle = {Proc. of RTSS},
  year      = {2020}
}

RMS
@article{liu1973scheduling,
  title   = {Scheduling algorithms for multiprogramming in a hard-real-time environment},
  author  = {Liu, Chung Laung and Layland, James W},
  journal = {JACM},
  year    = {1973}
}

EDF
@book{stankovic1998deadline,
  title     = {Deadline scheduling for real-time systems: {EDF} and related algorithms},
  author    = {Stankovic, John A and Spuri, Marco and Ramamritham, Krithi and Buttazzo, Giorgio},
  year      = {1998},
  publisher = {Springer Science \& Business Media}
}

RTSS industry session
@inproceedings{guanindustry,
  title     = {Industry Challenge},
  author    = {Shaoshan, Liu and Bo, Yu and Nan, Guan and Zheng, Dong and Benny, Akesson},
  booktitle = {Proc. of Industry Session (part of RTSS)},
  year      = {2021}
}

saito 
@inproceedings{saito2018rosch,
  title     = {{ROSCH}: real-time scheduling framework for {ROS}},
  author    = {Saito, Yukihiro and Sato, Futoshi and Azumi, Takuya and Kato, Shinpei and Nishio, Nobuhiko},
  booktitle = {Proc. of RTCSA},
  year      = {2018}
}

単一チェーンにおける job-level dependency 決め
@inproceedings{becker2016synthesizing,
  title     = {Synthesizing job-level dependencies for automotive multi-rate effect chains},
  author    = {Becker, Matthias and Dasari, Dakshina and Mubeen, Saad and Behnam, Moris and Nolte, Thomas},
  booktitle = {Proc. of RTCSA},
  year      = {2016}
}

複数周期 DAG から単一周期 DAG を1つ生成
@inproceedings{saidi2017automatic,
  title     = {Automatic parallelization of multi-rate fmi-based co-simulation on multi-core},
  author    = {Saidi, Salah Eddine and Pernet, Nicolas and Sorel, Yves},
  booktitle = {Proc. of TMS},
  year      = {2017}
}

@inproceedings{koike2021federated,
  title     = {Federated scheduling in clustered many-core processors},
  author    = {Koike, Ryotaro and Azumi, Takuya},
  booktitle = {Proc. of DS-RT},
  year      = {2021}
}

# SARSA & GA
@article{asghari2020online,
  title   = {Online scheduling of dependent tasks of cloud’s workflows to enhance resource utilization and reduce the makespan using multiple reinforcement learning-based agents},
  author  = {Asghari, Ali and Sohrabi, Mohammad Karim and Yaghmaee, Farzin},
  journal = {J. Soft. Comput.},
  year    = {2020}
}

# zakki https://docs.google.com/presentation/d/1Pgai-epAhNdsqPhyv7bgzQNRLefveyNd/edit#slide=id.p33
@inproceedings{chen2021partial,
  title     = {Partial order based non-preemptive communication scheduling towards real-time networks-on-chip},
  author    = {Chen, Peng and Chen, Hui and Zhou, Jun and Liu, Di and Li, Shiqing and Liu, Weichen and Chang, Wanli and Guan, Nan},
  booktitle = {Proc. of SAC},
  year      = {2021}
}

# キャッシュ考慮 https://docs.google.com/presentation/d/1YtIq8C5YIA7BVZryXNjF85gclUYRhK3K/edit#slide=id.p29
@article{nguyen2019cache,
  title   = {Cache-conscious off-line real-time scheduling for multi-core platforms: algorithms and implementation},
  author  = {Nguyen, Viet Anh and Hardy, Damien and Puaut, Isabelle},
  journal = {J. Real-Time Syst.},
  year    = {2019}
}

@article{huang2020hda,
  title   = {{HDA}: Hierarchical and dependency-aware task mapping for network-on-chip based embedded systems},
  author  = {Huang, Chun-Hsian},
  journal = {JSA},
  year    = {2020}
}

@inproceedings{yano2021work,
  title     = {Work-In-Progress: Reinforcement Learning-based DAG Scheduling Algorithm in Clustered Many-Core Platform},
  author    = {Yano, Atsushi and Azumi, Takuya},
  booktitle = {Proc. of RTSS},
  year      = {2021}
}

end-to-end deadline
@article{zhang2020efficient,
  title   = {Efficient scientific workflow scheduling for deadline-constrained parallel tasks in cloud computing environments},
  author  = {Zhang, Longxin and Zhou, Liqian and Salah, Ahmad},
  journal = {J. Inf. Sci.},
  year    = {2020}
}

picas の前の論文
@inproceedings{choi2020chain,
  title     = {Chain-based fixed-priority scheduling of loosely-dependent tasks},
  author    = {Choi, Hyunjong and Karimi, Mohsen and Kim, Hyoseung},
  booktitle = {Proc. of ICCD},
  year      = {2020}
}

use tgff
@inproceedings{roeder2021energy,
  title     = {Energy-aware scheduling of multi-version tasks on heterogeneous real-time systems},
  author    = {Roeder, Julius and Rouxel, Benjamin and Altmeyer, Sebastian and Grelck, Clemens},
  booktitle = {Proc. of the SAC},
  year      = {2021}
}
@article{fard2021analytical,
  title     = {Analytical program power characterization for battery depletion-time estimation},
  author    = {Fard, Mahdi Mohammadpour and Hasanloo, Mahmood and Kargahi, Mehdi},
  journal   = {TECS},
  year      = {2021},
  publisher = {ACM New York, NY, USA}
}
@article{wu2021evolutionary,
  title   = {An evolutionary fuzzy scheduler for multi-objective resource allocation in fog computing},
  author  = {Wu, Chu-ge and Li, Wei and Wang, Ling and Zomaya, Albert Y},
  journal = {J. Future Gener. Comput. Syst.},
  year    = {2021}
}
@article{costa2021extracting,
  title   = {Extracting method of packet dependence from NoC simulation traces using association rule mining},
  author  = {Costa, Weslley N and Lima, Lucas P and de Lima Junior, Otavio A},
  journal = {Analog Integrated Circuits and Signal Processing},
  year    = {2021}
}


暗黙のデッドライン
@inproceedings{ueter2021hard,
  title     = {Hard real-time stationary gang-scheduling},
  author    = {Ueter, Niklas and G{\"u}nzel, Mario and von der Br{\"u}ggen, Georg and Chen, Jian-Jia},
  booktitle = {Proc. of ECRTS},
  year      = {2021}
}
@inproceedings{cho2021conditionally,
  title     = {Conditionally Optimal Parallelization of Real-Time {DAG} Tasks for Global {EDF}},
  author    = {Cho, Youngeun and Shin, Dongmin and Park, Jaeseung and Lee, Chang-Gun},
  booktitle = {Proc. of RTSS},
  year      = {2021}
}

zakkii 輪講 SDF
@inproceedings{honorat2020scheduling,
  title     = {Scheduling of Synchronous Dataflow Graphs with Partially Periodic Real-Time Constraints},
  author    = {Honorat, Alexandre and Desnos, Karol and Bhattacharyya, Shuvra S and Nezan, Jean-Fran{\c{c}}ois},
  booktitle = {Proc. of RTNS},
  year      = {2020}
}

gannt chart
@article{sulaiman2021hybrid,
  title   = {A hybrid list-based task scheduling scheme for heterogeneous computing},
  author  = {Sulaiman, Muhammad and Halim, Zahid and Waqas, Muhammad and Ayd{\i}n, Do{\u{g}}an},
  journal = {J. of Supercomput.},
  year    = {2021}
}

okamu 拡張元
@inproceedings{zhao2020dag,
  title     = {{DAG} scheduling and analysis on multiprocessor systems: Exploitation of parallelism and dependency},
  author    = {Zhao, Shuai and Dai, Xiaotian and Bate, Iain and Burns, Alan and Chang, Wanli},
  booktitle = {Proc. of RTSS},
  year      = {2020}
}

cpu 利用率の式
@inproceedings{salman2021scheduling,
  title     = {Scheduling Elastic Applications in Compositional Real-Time Systems},
  author    = {Salman, Shaik Mohammed and Mubeen, Saad and Markovi{\'c}, Filip and Papadopoulos, Alessandro V and Nolte, Thomas},
  booktitle = {Proc. of ETFA},
  year      = {2021}
}

タスクチェーン．途中周期タスク
@inproceedings{hamann2017communication,
  title     = {Communication centric design in complex automotive embedded systems},
  author    = {Hamann, Arne and Dasari, Dakshina and Kramer, Simon and Pressler, Michael and Wurst, Falk},
  booktitle = {Proc. of ECRTS},
  year      = {2017}
}

GGEN
@inproceedings{cordeiro2010random,
  title     = {Random graph generation for scheduling simulations},
  author    = {Cordeiro, Daniel and Mouni{\'e}, Gr{\'e}gory and Perarnau, Swann and Trystram, Denis and Vincent, Jean-Marc and Wagner, Fr{\'e}d{\'e}ric},
  booktitle = {Proc. of SIMUTools},
  year      = {2010}
}

DAGGEN
@article{amalarethinam2011dagen,
  title   = {{DAGEN}-a tool to generate arbitrary directed acyclic graphs used for multiprocessor scheduling},
  author  = {Amalarethinam, DI George and Mary, GJ Joyce},
  journal = {IJRIC},
  year    = {2011}
}

MRTG
@article{ashish2016modular,
  title   = {A modular approach to random task graph generation},
  author  = {Ashish, Mishra and Aditya, Sharma and Pranet, Verma and Asati, Abhijit R and Solomon, Raju Kota},
  journal = {Indian J. Sci. Technol.},
  year    = {2016}
}

Waters automotive benchmark
@inproceedings{kramer2015real,
  title     = {Real world automotive benchmarks for free},
  author    = {Kramer, Simon and Ziegenbein, Dirk and Hamann, Arne},
  booktitle = {proc. of WATERS},
  year      = {2015}
}

Use GGen
@inproceedings{sun2021deepweave,
  title     = {Deepweave: Accelerating job completion time with deep reinforcement learning-based coflow scheduling},
  author    = {Sun, Penghao and Guo, Zehua and Wang, Junchao and Li, Junfei and Lan, Julong and Hu, Yuxiang},
  booktitle = {Proc. of IJCAI},
  year      = {2021}
}
@article{cao2018affinity,
  title   = {Affinity-driven modeling and scheduling for makespan optimization in heterogeneous multiprocessor systems},
  author  = {Cao, Kun and Zhou, Junlong and Cong, Peijin and Li, Liying and Wei, Tongquan and Chen, Mingsong and Hu, Shiyan and Hu, Xiaobo Sharon},
  journal = {TCAD},
  year    = {2018}
}

Varies total utilization
@inproceedings{yang2020mixed,
  title     = {Mixed-criticality scheduling in compositional real-time systems with multiple budget estimates},
  author    = {Yang, Kecheng and Dong, Zheng},
  booktitle = {Proc. of RTSS},
  year      = {2020}
}
@inproceedings{nogd2020response,
  title     = {Response-time analysis for non-preemptive global scheduling with fifo spin locks},
  author    = {Nogd, Suhail and Nelissen, Geoffrey and Nasri, Mitra and Brandenburg, Bj{\"o}rn B},
  booktitle = {Proc. of RTSS},
  year      = {2020}
}


Unique random generation
@inproceedings{gunzel2021suspension,
  title     = {Suspension-Aware Fixed-Priority Schedulability Test with Arbitrary Deadlines And Arrival Curves},
  author    = {G{\"u}nzel, Mario and Ueter, Niklas and Chen, Jian-Jia},
  booktitle = {Proc. of RTSS},
  year      = {2021}
}
@inproceedings{dong2019efficient,
  title     = {An efficient utilization-based test for scheduling hard real-time sporadic dag task systems on multiprocessors},
  author    = {Dong, Zheng and Liu, Cong},
  booktitle = {Proc. of RTSS},
  year      = {2019}
}
@inproceedings{voronov2021ai,
  title     = {{AI} meets real-time: Addressing real-world complexities in graph response-time analysis},
  author    = {Voronov, Sergey and Tang, Stephen and Amert, Tanya and Anderson, James H},
  booktitle = {Proc. of RTSS},
  year      = {2021}
}

G(n, p)
@inproceedings{guo2019energy,
  title     = {Energy-efficient real-time scheduling of {DAG}s on clustered multi-core platforms},
  author    = {Guo, Zhishan and Bhuiyan, Ashikahmed and Liu, Di and Khan, Aamir and Saifullah, Abusayeed and Guan, Nan},
  booktitle = {Proc. of RTAS},
  year      = {2019}
}
@inproceedings{he2021response,
  title     = {Response time bounds for {DAG} tasks with arbitrary intra-task priority assignment},
  author    = {He, Qingqiang and Lv, Mingsong and Guan, Nan},
  booktitle = {Proc. of ECRTS 2021},
  year      = {2021}
}
@inproceedings{agrawal2020hard,
  title     = {Hard-Real-Time Routing in Probabilistic Graphs to Minimize Expected Delay},
  author    = {Agrawal, Kunal and Baruah, Sanjoy and Guo, Zhishan and Li, Jing and Vaidhun, Sudharsan},
  booktitle = {Proc. of RTSS},
  year      = {2020}
}

UUniFast
@article{bini2005measuring,
  title   = {Measuring the performance of schedulability tests},
  author  = {Bini, Enrico and Buttazzo, Giorgio C},
  journal = {J. Real-Time Syst.},
  year    = {2005}
}

@article{voudouris2021federated,
  title   = {Federated Scheduling of Sporadic {DAG}s on Unrelated Multiprocessors},
  author  = {Voudouris, Petros and Stenstr{\"o}m, Per and Pathan, Risat},
  journal = {TECS},
  year    = {2021}
}
